@article{Hinckley2013,
author = {Hinckley, Daniel M and Freeman, Gordon S and Whitmer, Jonathan K and de Pablo, Juan J},
title = {{An experimentally-informed coarse-grained 3-site-per-nucleotide model of DNA: Structure, thermodynamics, and dynamics of hybridization}},
pages = {144903},
number = {14},
volume = {139},
journal = {J. Chem Phys},
year = {2013}
}

@article{Freeman2014,
author = {Freeman, Gordon S. and Hinckley, Daniel M. and Lequieu, Joshua P. and Whitmer, Jonathan K. and de Pablo, Juan J.},
title = {{Coarse-grained modeling of DNA curvature}},
pages = {165103},
number = {16},
volume = {141},
journal = {J. Chem. Phys.},
year = {2014}
}

@article{Freeman2011,
author = {Freeman, Gordon S and Hinckley, Daniel M and de Pablo, Juan J},
title = {{A coarse-grain three-site-per-nucleotide model for DNA with explicit ions}},
pages = {165104},
number = {16},
volume = {135},
journal = {J. Chem. Phys.},
year = {2011}
}

@article{Clementi2000,
author = {Clementi, C and Nymeyer, H and Onuchic, J N},
title = {{Topological and energetic factors: what determines the structural details of the transition state ensemble and "en-route" intermediates for protein folding? An investigation for small globular proteins.}},
pages = {937--953},
number = {5},
volume = {298},
journal = {J.  Mol. Biol.},
year = {2000}
}

@article{Hoang2000,
author = {Hoang, Trinh Xuan and Cieplak, Marek},
title = {{Sequencing of folding events in Go-type proteins}},
pages = {8319--8328},
number = {18},
volume = {113},
journal = {J. Chem. Phys.},
year = {2000}
}

@article{Koga2001,
author = {Koga, Nobuyasu and Takada, Shoji},
title = {{Roles of native topology and chain-length scaling in protein folding: A simulation study with a G≈ç-like model}},
pages = {171--180},
number = {1},
volume = {313},
journal = {J. Mol. Biol.},
year = {2001}
}
